<?xml version="1.0" encoding="UTF-8"?><collection xmlns="http://www.loc.gov/MARC21/slim"><record><leader>00706nam--2200205-i-4500</leader><controlfield tag="001">000043308</controlfield><controlfield tag="002">20161230</controlfield><controlfield tag="005">20170123180247</controlfield><controlfield tag="008">060222s1000------------r-----000-0-eng-d</controlfield><datafield ind1=" " ind2=" " tag="020"><subfield code="a">2863320139</subfield></datafield><datafield ind1=" " ind2=" " tag="040"><subfield code="a">IFIN-HH</subfield></datafield><datafield ind1=" " ind2=" " tag="080"><subfield code="a">539.12.162.8(061.3)</subfield></datafield><datafield ind1="1" ind2=" " tag="100"><subfield code="a">Tran, Jean Thanh Van</subfield></datafield><datafield ind1="1" ind2="0" tag="245"><subfield code="a">New flavoursparisuniveriste</subfield><subfield code="b">Proceedings of the second moriond workshop les arcs-savoie (france) january 24-30, 1982</subfield><subfield code="c">J.Tran Thanh Van, L. Montanet (eds.)</subfield></datafield><datafield ind1=" " ind2=" " tag="260"><subfield code="a">Gif-sur-yvette, France</subfield><subfield code="b">Singapore National Printers (Pte) Ltd. Editions Frontieres</subfield><subfield code="c">1982</subfield></datafield><datafield ind1=" " ind2=" " tag="300"><subfield code="a">622P</subfield></datafield><datafield ind1=" " ind2=" " tag="490"><subfield code="a">Moriond Proceedings</subfield></datafield><datafield ind1="1" ind2=" " tag="700"><subfield code="a">Montanet, L</subfield><subfield code="e">Ed</subfield></datafield><datafield ind1=" " ind2=" " tag="852"><subfield code="a">45672</subfield><subfield code="c">539.12</subfield></datafield><datafield ind1=" " ind2=" " tag="CAT"><subfield code="a">SYS</subfield><subfield code="c">20170123</subfield><subfield code="h">180247</subfield></datafield></record></collection>